% This file was created with JabRef 2.7.2.
% Encoding: Cp1252

@ARTICLE{ASHKIN1987,
  author = {A Ashkin,JM Dziedzic},
  title = {Optical trapping and manipulation of viruses and bacteria},
  journal = {PubMed no. 4795},
  year = {1987},
  volume = {235},
  pages = {1517-1520}
}

@ARTICLE{JESACHER2006,
  author = {A. Jesacher, S. Fürhapter, C. Maurer, S. Bernet, M. Ritsch-Marte},
  title = {Holographic optical tweezers: Manipulations at an air-liquid interface},
  journal = {SPIE},
  year = {2006},
  volume = {6326},
  pages = {63261U}
}

@ARTICLE{ONEIL2001,
  author = {A. T. O'Neil, M. J. Padgett},
  title = {Rotational control within optical tweezers by use of a rotating aperture},
  journal = {Optics Letters, Issue 9},
  year = {2002},
  volume = {27},
  pages = {743-745}
}

@MISC{HOLO2010,
  author = {Holoeye AG},
  title = {SLM configuration / calibration, Application note},
  year = {2010}
}

@MISC{NANOSCRIBE,
  author = {Nanoscribe AG},
  title = {http://www.nanoscribe.de}
}

@BOOK{ANDREWS2008,
  title = {Structured Light and Its Applications: An Introduction to Phase-Structured
	Beams and Nanoscale Optical Forces},
  publisher = {Elsevier Inc},
  year = {2008},
  editor = {Academic Press},
  author = {D. L. Andrews},
  isbn = {978-0-12-374027-4}
}

@ARTICLE{ASHKIN1992,
  author = {A. Ashkin},
  title = {Forces of a single-beam gradient laser trap on a dielectric sphere
	in the ray optics regime},
  journal = {Biophys},
  year = {1992},
  volume = {61(2)},
  pages = {569-582}
}

@BOOK{SALEHTEICH,
  title = {Fundamentals of Photonics, 2nd Edition},
  publisher = {Wiley},
  year = {2007},
  author = {B. E. A. Saleh, M. C. Teich},
  isbn = {978-0-471.35832-9}
}

@ARTICLE{LIM2004,
  author = {C.T. Lim, M. Dao, S. Suresh, C.H. Sow, K.T. Chew},
  title = {Large deformation of living cells using laser traps},
  journal = {Acta Materialia},
  year = {2004},
  volume = {52},
  pages = {1837-1845}
}

@BOOK{CHICHKOV2008,
  title = {Nanoelectronics and Photonics: From Atoms to Materials, Devices and
	Architectures},
  publisher = {Springer},
  year = {2008},
  author = {Boris Chichkov}
}

@MISC{GALVEZ2007,
  author = {Enrique J. Galvez, Nikolay Zhelev},
  title = {Orbital Angular Momentum of Light in Optics Instruction},
  year = {2007},
  journal = {Education and Training in Optics and Photonics (ETOP)},
  volume = {Fundamentals (ESB)}
}

@BOOK{GOODMAN,
  title = {Introduction to Fourier optics, 2nd edition},
  publisher = {McGraw-Hill},
  year = {1996},
  author = {Joseph W. Goodman},
  isbn = {0-07-024254-2}
}

@ARTICLE{CURTIS2005,
  author = {J. E. Curtis, C. H. J. Schmitz, J. P. Spatz},
  title = {Symmetry dependence of holograms for optical trapping},
  journal = {Optics Letters No 16},
  year = {2005},
  volume = {30},
  pages = {2086-2088}
}

@MISC{TIE-Diamond,
  author = {J. Lee,J. Ku,L. Waller, G. Barbastathis},
  title = {Transport of intensity imaging applied to quantitative optical phase
	tomography},
  year = {2011},
  journal = {Digital Holography and Three-Dimensional Imaging (DH)},
  volume = {Novel Approaches to Digital Holography II (DTuD)}
}

@ARTICLE{LIESENER2000,
  author = {J. Liesener, M. Reicherter, T. Haist, H.J. Tiziani},
  title = {Multi-functional optical tweezers using computer-generated holograms},
  journal = {Optics Communications},
  year = {2000},
  volume = {185},
  pages = {77-82}
}

@PHDTHESIS{JESACHER2007,
  author = {Alexander Jeascher},
  title = {Applications of spatial light modulators for optical trapping and
	image processing},
  school = {Leopold-Franzens University, Innsbruck},
  year = {2007}
}

@ARTICLE{DHOLAKIA2006,
  author = {K. Dholakia, P. Reece},
  title = {Optical manipulation takes hold},
  journal = {Nano Today},
  year = {2006},
  volume = {1},
  pages = {18-27}
}

@MISC{ALLEN1992,
  author = {L. Allen, M. W. Bijersbergen, R. J. C. Spreeuw, J. P. Woerdman},
  title = {Orbital angular-momentum of light and the transformation of Laguerre-Gaussian
	laser modes},
  year = {1992},
  journal = {Physical Review No 11},
  volume = {45}
}

@ARTICLE{TIE-VH,
  author = {L.Waller, Y. Luo, Y. Yang, G. Barbastathis},
  title = {Transport of intensity phase imaging in a volume holographic microscope},
  journal = {Optics Letters},
  year = {2010},
  volume = {35, Issue 17},
  pages = {2961-2963}
}

@PHDTHESIS{LUO2008,
  author = {Yuan Luo},
  title = {Novel Biomedical Imaging Systems},
  school = {University of Arizona},
  year = {2008}
}

@ARTICLE{FAUVER2005,
  author = {M. Fauver, E. J. Seibel},
  title = {Three-dimensional imaging of single isolated cell nuclei using optical
	projection tomography},
  journal = {Optics Express},
  year = {2005},
  volume = {13, issue 11},
  pages = {4210-4223}
}

@BOOK{OT,
  title = {Optical Tweezers Methods and Applications},
  publisher = {CRC Press},
  year = {2010},
  author = {M. J. Padgett, J. E. Molloy, D. McGloin},
  isbn = {978-1-4200-7412-3}
}

@ARTICLE{USATEGUI2006,
  author = {M. Montes-Usategui, E. Pleguezuelos, H. Audilla, E. Martin-Badosa},
  title = {Fast generation of holographic optical tweezers by random mask encoding
	of Fourier components},
  journal = {Optics Express},
  year = {2006},
  volume = {14, Issue 6},
  pages = {2101-2107}
}

@ARTICLE{KREYSING2008,
  author = {M.K. Kreysing, T.Kiessling, A. Fritsch, C. Dietrich, J.R. Guck, J.A.
	Käs},
  title = {The optical cell rotator},
  journal = {Optics Express},
  year = {2008},
  volume = {16, Issue 21},
  pages = {16984-16992},
  url = {http://dx.doi.org/10.1364/OE.16.016984}
}

@ARTICLE{PERSSON2010,
  author = {Martin Persson, David Engström, Anders Frank, Jan Backsten, Jörgen
	Bengtsson, Mattias Goksör},
  title = {Minimizing intensity fluctuations in dynamic holographic optical
	tweezers by restricted phase change},
  journal = {Optics Express No 11},
  year = {2010},
  volume = {18},
  pages = {11250}
}

@ARTICLE{GALAJDA2001,
  author = {P. Galajda, P. Ormos},
  title = {Rotors produced and driven in laser tweezers with reversed direction
	of rotation},
  journal = {Applied Physics Letters},
  year = {2002},
  volume = {80, Issue 24},
  pages = {4653},
  url = {http://dx.doi.org/10.1063/1.1480885}
}

@ARTICLE{VH,
  author = {P. J. Gelsinger-Austi, Yuan Luo, R. K. Kostuk, G. Barbastathis, J.K.
	Barton, J. M. Castro},
  title = {Optical design for a spatial-spectral volume holographic imaging
	system},
  journal = {Optical Engineering},
  year = {2010},
  volume = {49, Issue 4},
  pages = {043001},
  url = {http://dx.doi.org/10.1117/1.3378025}
}

@MISC{HOTLAB,
  author = {Martin Persson},
  title = {https://github.com/MartinPersson/HOTlab}
}

@ARTICLE{DASGUPTA2003,
  author = {R. Dasgupta, S. K. Mohanty, P.K. Gupta},
  title = {Controlled rotation of biological microscopic objects using optical
	line tweezers},
  journal = {Biotechnology Letters},
  year = {2003},
  volume = {25},
  pages = {1625-1628}
}

@ARTICLE{DILEONARDO2007,
  author = {R. Di Leonardo, F. Ianni, G. Ruocco},
  title = {Computer generation of optimal holgorams for optical trap arrays},
  journal = {Optics Express},
  year = {2006},
  volume = {15, Issue 4},
  pages = {1913-1922},
  url = {http://dx.doi.org/10.1364/OE.15.001913}
}

@ARTICLE{GERCHBERGSAXTON,
  author = {R. W. Gerchberg, W. O. Saxton},
  title = {A Practical Algorithm for the Determination of Phase from Image and
	Diffraction Plane Pictures},
  journal = {Optik No.2},
  year = {1972},
  volume = {35},
  pages = {237-246}
}

@ARTICLE{ROHRBACH2005,
  author = {A. Rohrbach},
  title = {Switching and measuring a force of 25 femtoNewtons with an optical
	trap},
  journal = {Optics Express},
  year = {2005},
  volume = {13, Issue 24},
  pages = {9695-9701}
}

@ARTICLE{BIANCHI2010,
  author = {S. Bianchi, R. Di Leonardo},
  title = {Real-time optical micro-manipulation using optimized holograms generated
	on the GPU},
  journal = {Computer Physics Communication},
  year = {2010},
  volume = {181},
  pages = {1444-1448}
}

@ARTICLE{KUO1993,
  author = {S.C. Kuo, M. P. Sheetz},
  title = {Force of single kinesin molecules measured with optical tweezers},
  journal = {Science 9},
  year = {1993},
  volume = {260},
  pages = {5105}
}

@ARTICLE{TAO2008,
  author = {Sarah L. Tao, K. C. Popat, J. J. Norman, T. A. Desai},
  title = {Surface Modification of SU-8 for Enhanced Biofunctionality and Nonfouling
	Properties},
  journal = {Langmuir},
  year = {2008},
  volume = {24},
  pages = {2631-2636}
}

@ARTICLE{ASAVEI2009,
  author = {T. Asavei, V. L.Y. Loke, T. A. Nieminen, N. R. Heckenberg, H. Rubinsztein-Dunlop},
  title = {Optical paddle-wheel},
  journal = {SPIE},
  year = {2009},
  volume = {7400},
  pages = {7}
}

@ARTICLE{WRIGHT1993,
  author = {W. H. Wright, G. J. Sonek, M. W. Berns},
  title = {Parametric study of the forces on microspheres held by optical tweezers},
  journal = {Applied Optics},
  year = {1994},
  volume = {33, Issue 9},
  pages = {1735-1748},
  url = {http://dx.doi.org/10.1364/AO.33.001735}
}

@ARTICLE{BARBA2002,
  author = {Wenhai Liu, Demetri Psaltis, and George Barbastathis},
  title = {Real-time spectral imaging in three spatial dimensions},
  journal = {Optics Letters},
  year = {2002},
  volume = {27, Issue 10},
  pages = {854-856}
}

